@article{einstein,
    author        = {Albert Einstein},
    title         = {Zur Elektrodynamik bewegter K{\"o}rper. (German) [On the electrodynamics of moving bodies]},
    journaltitle  = {Annalen der Physik},
    year          = {1905},
    volume        = {322},
    number        = {10},
    pages         = {891-921},
    doi           = {http://dx.doi.org/10.1002/andp.19053221004}
}

@online{current_sense_Linear,
    author        = {Tim Regan, Jon Munson, Greg Zimmer, Michael Stokowski},
    title         = {Current Sense Circuit Collection - Making Sense of Current},
    year          = {2005},
    url           = {http://cds.linear.com/docs/en/application-note/an105fa.pdf}
}

@online{mController,
    author        = {Wikipedia},
    title         = {Microcontroller},
    year          = {2016},
    url           = {https://en.wikipedia.org/wiki/Microcontroller}
}

@online{TorontoUNI_GuideToPCB,
    author        = {University of Toronto - Olivier Trescases},
    title         = {Guide to Designing and Fabricating Printed Circuit Boards},
    year          = {2006},
    url           = {http://people.senecac.on.ca/don.milne/PCB\%20Tutorial\%2001.pdf}
}

@book{AD_BasicLinearDesign,
    author        = {Hank Zumbahlen},
    title         = {BASIC LINEAR DESIGN},
    year          = {2007},
    publisher     = {Analog Devices, Inc.},
    pages         = {12.1},
}